@Book{xie2015,
  title = {Dynamic Documents with {R} and knitr},
  author = {Yihui Xie},
  publisher = {Chapman and Hall/CRC},
  address = {Boca Raton, Florida},
  year = {2015},
  edition = {2nd},
  note = {ISBN 978-1498716963},
  url = {http://yihui.name/knitr/},
}
@article{wagenmakers2011,
author = {E.J. Wagenmakers and T. Wetzels and D. Borsboom and H.L.J van der Maas},
title = {Why psychologists must change the way they analyze their data: The case of psi: Comment on Bem (2011)},
journal = {Journal of Personality and Social Psychology},
year = {2011},
volume = {100},
issue = {3},
pages = {426-432},
doi = {https://doi.org/10.1037/a0022790},
url = {https://doi.org/10.1037/a0022790},
}
